<?xml version="1.0" encoding="UTF-8"?><collection xmlns="http://www.loc.gov/MARC21/slim"><record><leader>00360nam--2200133-i-4500</leader><controlfield tag="001">000026183</controlfield><controlfield tag="002">20161230</controlfield><controlfield tag="005">20161230201036</controlfield><controlfield tag="008">060222s1000------------r-----000-0-eng-d</controlfield><datafield ind1=" " ind2=" " tag="080"><subfield code="a">681.3.06:681.31</subfield></datafield><datafield ind1=" " ind2=" " tag="100"><subfield code="a">Kapur, Gopal K</subfield></datafield><datafield ind1=" " ind2=" " tag="245"><subfield code="a">Ibm 36o. assembler language programming</subfield></datafield><datafield ind1=" " ind2=" " tag="260"><subfield code="a">New York, John Wiley &amp; Sons, Inc., 1970, Xviii + 560p</subfield></datafield><datafield ind1=" " ind2=" " tag="852"><subfield code="a">35551</subfield></datafield></record></collection>